% Encoding: UTF-8

@misc{Shirley2020RTW1,
   title = {Ray Tracing in One Weekend},
   author = {Peter Shirley},
   year = {2020},
   month = {December},
   note = {\small \texttt{https://raytracing.github.io/books/RayTracingInOneWeekend.html}},
   url = {https://raytracing.github.io/books/RayTracingInOneWeekend.html}
}

@misc{Shirley2020RTW2,
	title = {Ray Tracing: The Next Week},
	author = {Peter Shirley},
	year = {2020},
	month = {December}
	note = {\small \texttt{https://raytracing.github.io/books/RayTracingTheNextWeek.html}},
	url = {https://raytracing.github.io/books/RayTracingTheNextWeek.html}
}
